@report{EI2023,
  title  = {Statistical Review of World Energy},
  author = {{Energy Institute}},
  year   = 2023,
  url    = {https://www.energyinst.org/__data/assets/pdf_file/0004/1055542/EI_Stat_Review_PDF_single_3.pdf}
}

@misc{Umass2023,
  author = {{University of Massachusetts}},
  title  = {{The  UMass  trace  repository}},
  year   = 2023,
  url    = {https://traces.cs.umass.edu/index.php/Sensors/Sensors}
}

@article{Bakker2019,
  title   = {Solving groundwater flow problems with time series analysis: you
             may not even need another model},
  author  = {Bakker, M and Schaars, F},
  journal = {Groundwater},
  volume  = 57,
  number  = 6,
  pages   = {826--833},
  month   = nov,
  year    = 2019
}

@book{Bellman57,
  title     = {Dynamic Programming},
  author    = {Bellman, Richard},
  publisher = {Princeton University Press},
  address   = {Princeton, New Jersey},
  year      = 1957
}

@article{Bertsimas2016,
  title     = {Best subset selection via a modern optimization lens},
  author    = {Bertsimas, Dimitris and King, Angela and Mazumder, Rahul},
  journal   = {Annals of Statistics},
  publisher = {Institute of Mathematical Statistics},
  volume    = 44,
  number    = 2,
  pages     = {813--852},
  month     = apr,
  year      = 2016
}

@article{Boggs1995,
  title     = {Sequential Quadratic Programming},
  author    = {Boggs, Paul T and Tolle, Jon W},
  journal   = {Acta Numerica},
  publisher = {Cambridge University Press},
  volume    = 4,
  pages     = {1--51},
  year      = 1995
}

@book{Boyd2004,
  title     = {Convex Optimization},
  author    = {Boyd, Stephen P and Vandenberghe, Lieven},
  publisher = {Cambridge University Press},
  month     = mar,
  year      = 2004
}

@article{Breiman1995,
  title     = {Better Subset Regression Using the Nonnegative Garrote},
  author    = {Breiman, L},
  journal   = {Technometrics},
  publisher = {Taylor \& Francis, Ltd., American Statistical Association, American Society for Quality},
  volume    = 37,
  number    = 4,
  pages     = {373--384},
  year      = 1995
}

@article{Efron2004,
  title   = {Least Angle Regression},
  author  = {Efron, B and Hastie, T and Johnstone, I and Tibshirani, R},
  journal = {Annals of Statistics},
  volume  = 32,
  number  = 2,
  pages   = {407--499},
  month   = apr,
  year    = 2004
}

@article{Fan2001,
  title     = {Variable Selection via Nonconcave Penalized Likelihood and its
               Oracle Properties},
  author    = {Fan, J and Li, R},
  journal   = {Journal of the American Statistical Association},
  publisher = {Taylor \& Francis},
  volume    = 96,
  number    = 456,
  pages     = {1348--1360},
  month     = dec,
  year      = 2001
}

@article{FH2012,
  title   = {Short-term load forecasting based on a semi-parametric additive
             model},
  author  = {Fan, S and Hyndman, R J},
  journal = {IEEE Transactions on Power Systems},
  volume  = 27,
  number  = 1,
  pages   = {134--141},
  year    = 2012
}

@article{Frank1993,
  title     = {A Statistical View of Some Chemometrics Regression Tools},
  author    = {Frank, I E and Friedman, J H},
  journal   = {Technometrics},
  publisher = {Taylor \& Francis, Ltd., American Statistical Association, American Society for Quality},
  volume    = 35,
  number    = 2,
  pages     = {109--135},
  year      = 1993
}

@article{Friedman1974,
  title   = {A Projection Pursuit Algorithm for Exploratory Data Analysis},
  author  = {Friedman, J H and Tukey, J W},
  journal = {IEEE Transactions on Computers},
  volume  = {C-23},
  number  = 9,
  pages   = {881--890},
  month   = sep,
  year    = 1974
}

@article{Friedman1981,
  title     = {Projection Pursuit Regression},
  author    = {Friedman, Jerome H and Stuetzle, Werner},
  journal   = {Journal of American Statistical Association},
  publisher = {[American Statistical Association, Taylor \& Francis, Ltd.]},
  volume    = 76,
  number    = 376,
  pages     = {817--823},
  year      = 1981
}

@article{Guo2013,
  title   = {Variable selection in high-dimensional partially linear additive
             models for composite quantile regression},
  author  = {Guo, J and Tang, M and Tian, M and Zhu, K},
  journal = {Computational Statistics and Data Analysis},
  volume  = 65,
  pages   = {56--67},
  month   = sep,
  year    = 2013
}

@misc{gurobi2023,
  author = {{Gurobi Optimization, LLC}},
  title  = {{Gurobi Optimizer Reference Manual}},
  year   = 2023,
  url    = {https://www.gurobi.com}
}

@article{Hardle1993,
  title     = {Optimal Smoothing in {Single-Index} Models},
  author    = {HÃ¤rdle, Wolfgang and Hall, Peter and Ichimura, Hidehiko},
  journal   = {Annals of Statistics},
  publisher = {Institute of Mathematical Statistics},
  volume    = 21,
  number    = 1,
  pages     = {157--178},
  month     = mar,
  year      = 1993
}

@article{Hastie1986,
  title     = {Generalized Additive Models},
  author    = {Hastie, Trevor and Tibshirani, Robert},
  journal   = {Statistical Science},
  publisher = {Institute of Mathematical Statistics},
  volume    = 1,
  number    = 3,
  pages     = {297--310},
  year      = 1986
}

@manual{Hastie2023,
  title  = {gam: Generalized Additive Models},
  author = {Trevor Hastie},
  year   = {2023},
  note   = {R package version 1.22-2},
  url    = {https://CRAN.R-project.org/package=gam}
}

@article{Hazimeh2020,
  title   = {Fast Best Subset Selection: Coordinate Descent and Local
             Combinatorial Optimization Algorithms},
  author  = {Hazimeh, H and Mazumder, R},
  journal = {Operations Research},
  volume  = 68,
  number  = 5,
  pages   = {1517--1537},
  year    = 2020
}

@article{Hazimeh2023,
  title     = {Grouped variable selection with discrete optimization:
               Computational and statistical perspectives},
  author    = {Hazimeh, Hussein and Mazumder, Rahul and Radchenko, Peter},
  journal   = {Annals of Statistics},
  publisher = {Institute of Mathematical Statistics},
  volume    = 51,
  number    = 1,
  pages     = {1--32},
  month     = feb,
  year      = 2023
}

@article{HF2010,
  title   = {Density forecasting for long-term peak electricity demand},
  author  = {Hyndman, R J and Fan, S},
  journal = {IEEE Transactions on Power Systems},
  volume  = 25,
  number  = 2,
  pages   = {1142--1153},
  month   = may,
  year    = 2010
}

@article{Ho2020,
  title   = {Estimating ground-level {PM2.5} levels in Taiwan using data from
             air quality monitoring stations and high coverage of microsensors},
  author  = {Ho, Chi-Chang and Chen, Ling-Jyh and Hwang, Jing-Shiang},
  journal = {Environmental Pollution},
  volume  = 264,
  pages   = {114810},
  month   = sep,
  year    = 2020
}

@manual{Hornik2023,
  title  = {ROI: R Optimization Infrastructure},
  author = {Kurt Hornik and David Meyer and Florian Schwendinger and Stefan Theussl},
  year   = {2023},
  note   = {R package version 1.0-1},
  url    = {https://CRAN.R-project.org/package=ROI}
}

@article{Huang2010,
  title   = {Variable Selection in Nonparametric Additive Models},
  author  = {Huang, J and Horowitz, J L and Wei, F},
  journal = {Annals of Statistics},
  volume  = 38,
  number  = 4,
  pages   = {2282--2313},
  month   = aug,
  year    = 2010
}

@article{Huber1985,
  title   = {Projection Pursuit},
  author  = {Huber, Peter J},
  journal = {Annals of Statistics},
  volume  = 13,
  number  = 2,
  pages   = {435--475},
  year    = 1985
}

@unpublished{Ibrahim2021,
  title  = {Predicting Census Survey Response Rates via Interpretable
            Nonparametric Additive Models with Structured Interactions},
  author = {Ibrahim, Shibal and Mazumder, Rahul and Radchenko, Peter and
            Ben-David, Emanuel},
  year   = 2022,
  url    = {https://arxiv.org/abs/2108.11328}
}

@article{Konzen2016,
  title     = {{LASSO-type} penalties for covariate selection and forecasting
               in time series},
  author    = {Konzen, E and Ziegelmann, F A},
  journal   = {Journal of Forecasting},
  publisher = {Wiley},
  volume    = 35,
  number    = 7,
  pages     = {592--612},
  month     = nov,
  year      = 2016
}

@incollection{Kruskal1969,
  title     = {Toward a practical method which helps uncover the structure of a set of multivariate observations by finding the linear transformation which optimizes a new ``index of condensation''},
  booktitle = {Statistical Computation},
  author    = {Kruskal, Joseph B},
  editor    = {{Roy C. Milton and John A. Nelder}},
  publisher = {Academic Press},
  pages     = {427--440},
  year      = 1969
}

@article{Land1960,
  title     = {An Automatic Method of Solving Discrete Programming Problems},
  author    = {Land, A H and Doig, A G},
  journal   = {Econometrica},
  publisher = {[Wiley, Econometric Society]},
  volume    = 28,
  number    = 3,
  pages     = {497--520},
  year      = 1960
}

@article{Lian2012,
  title     = {Variable selection in high-dimensional partly linear additive
               models},
  author    = {Lian, H},
  journal   = {Journal of Nonparametric Statistics},
  publisher = {Taylor \& Francis},
  volume    = 24,
  number    = 4,
  pages     = {825--839},
  month     = dec,
  year      = 2012
}

@article{Little1963,
  title   = {An algorithm for the traveling salesman problem},
  author  = {Little, John D C and Murty, Katta G and Sweeney, Dura W and Karel, Caroline},
  journal = {Operations Research},
  volume  = 11,
  number  = 6,
  pages   = {972--989},
  year    = 1963
}

@article{Liu2011,
  title   = {Estimation and Variable Selection for Semiparametric Additive
             Partial Linear Models ({SS-09-140})},
  author  = {Liu, X and Wang, L and Liang, H},
  journal = {Statistica Sinica},
  volume  = 21,
  number  = 3,
  pages   = {1225--1248},
  month   = jul,
  year    = 2011
}

@article{Masselot2022,
  title   = {Constrained groupwise additive index models},
  author  = {Masselot, Pierre and Chebana, Fateh and Campagna, C{\'e}line and
             Lavigne, {\'E}ric and Ouarda, Taha B M J and Gosselin, Pierre},
  journal = {Biostatistics},
  volume  = 00,
  number  = 00,
  year    = 2022,
  pages   = {1--19},
  doi     = {10.1093/biostatistics/kxac023}
}

@article{Mazumder2022,
  title   = {Subset Selection with Shrinkage: Sparse Linear Modeling When the
             {SNR} Is Low},
  author  = {Mazumder, R and Radchenko, P and Dedieuc, A},
  journal = {Operations Research},
  pages   = {1--19},
  month   = may,
  year    = 2022
}

@book{Nocedal2006,
  title     = {Numerical Optimization},
  author    = {Nocedal, Jorge and Wright, Stephen J},
  publisher = {Springer New York, NY},
  series    = {Springer Series in Operations Research and Financial Engineering},
  edition   = {2nd},
  year      = 2006
}


@article{Park2013,
  title   = {Lag weighted lasso for time series model},
  author  = {Park, H and Sakaori, F},
  journal = {Computational Statistics},
  volume  = 28,
  number  = 2,
  pages   = {493--504},
  month   = apr,
  year    = 2013
}

@misc{Peng2022,
  title        = {Advanced Statistical Computing},
  author       = {Peng, Roger D},
  month        = may,
  year         = 2022,
  howpublished = {\url{https://bookdown.org/rdpeng/advstatcomp/}},
  note         = {Accessed: 2023-5-19}
}

@article{Peterson2014,
  title   = {Nonlinear time-series modeling of unconfined groundwater head},
  author  = {Peterson, T J and Western, A W},
  journal = {Water Resources Research},
  volume  = 50,
  number  = 10,
  pages   = {8330--8355},
  month   = oct,
  year    = 2014
}

@article{Pya2015,
  title   = {Shape constrained additive models},
  author  = {Pya, Natalya and Wood, Simon N},
  journal = {Statistics and Computing},
  volume  = 25,
  number  = 3,
  pages   = {543--559},
  year    = 2015
}

@manual{R2023,
  title        = {R: A Language and Environment for Statistical Computing},
  author       = {{R Core Team}},
  organization = {R Foundation for Statistical Computing},
  address      = {Vienna, Austria},
  year         = {2023},
  url          = {https://www.R-project.org/}
}

@article{Radchenko2015,
  title   = {High dimensional single index models},
  author  = {Radchenko, Peter},
  journal = {Journal of Multivariate Analysis},
  volume  = 139,
  pages   = {266--282},
  month   = jul,
  year    = 2015
}

@article{Rajaee2019,
  title   = {A review of the artificial intelligence methods in groundwater
             level modeling},
  author  = {Rajaee, T and Ebrahimi, H and Nourani, V},
  journal = {Journal of Hydrology},
  volume  = 572,
  pages   = {336--351},
  month   = may,
  year    = 2019
}

@article{Ravindra2019,
  title   = {Generalized additive models: Building evidence of air pollution,
             climate change and human health},
  author  = {Ravindra, Khaiwal and Rattan, Preety and Mor, Suman and Aggarwal,
             Ashutosh Nath},
  journal = {Environment International},
  volume  = 132,
  pages   = {104987},
  month   = nov,
  year    = 2019
}

@manual{Rstudio2024,
  title        = {RStudio: Integrated Development Environment for R},
  author       = {{Posit team}},
  organization = {Posit Software, PBC},
  address      = {Boston, MA},
  year         = {2024},
  url          = {http://www.posit.co/}
}

@manual{Schwendinger2023,
  title  = {ROI.plugin.gurobi: 'Gurobi' Plug-in for the 'R' Optimization Infrastructure},
  author = {Florian Schwendinger},
  year   = {2023},
  note   = {R package version 0.4-0},
  url    = {http://r-forge.r-project.org/projects/roi}
}

@article{Simon2013,
  title     = {A {Sparse-Group} Lasso},
  author    = {Simon, N and Friedman, J and Hastie, T and
               Tibshirani, R},
  journal   = {Journal of Computational and Graphical Statistics},
  publisher = {Taylor \& Francis},
  volume    = 22,
  number    = 2,
  pages     = {231--245},
  month     = apr,
  year      = 2013
}

@article{Stoker1986,
  title     = {Consistent Estimation of Scaled Coefficients},
  author    = {Stoker, Thomas M},
  journal   = {Econometrica},
  publisher = {[Wiley, Econometric Society]},
  volume    = 54,
  number    = 6,
  pages     = {1461--1481},
  year      = 1986
}

@article{Stone82,
  title   = {Optimal global rates of convergence for nonparametric regression},
  author  = {Stone, C J},
  journal = {Annals of Statistics},
  year    = 1982,
  volume  = 10,
  number  = 4,
  pages   = {1040--1053}
}

@article{Theusl2020,
  title   = {{ROI}: An Extensible {R} Optimization Infrastructure},
  author  = {Theu{\ss}l, Stefan and Schwendinger, Florian and Hornik, Kurt},
  journal = {Journal of Statistical Software},
  volume  = 94,
  pages   = {1--64},
  month   = sep,
  year    = 2020
}

@article{Thornton2021,
  title   = {Gridded daily weather data for North America with comprehensive
             uncertainty quantification},
  author  = {Thornton, Peter E and Shrestha, Rupesh and Thornton, Michele and
             Kao, Shih-Chieh and Wei, Yaxing and Wilson, Bruce E},
  journal = {Scientific Data},
  volume  = 8,
  number  = 1,
  pages   = {190},
  month   = jul,
  year    = 2021
}

@article{Tibshirani1996,
  title     = {Regression Shrinkage and Selection via the Lasso},
  author    = {Tibshirani, R},
  journal   = {Journal of the Royal Statistical Society (Series B)},
  publisher = {Wiley},
  volume    = 58,
  number    = 1,
  pages     = {267--288},
  year      = 1996
}

@article{Tibshirani2016,
  title     = {An Ordered Lasso and Sparse {Time-Lagged} Regression},
  author    = {Tibshirani, R and Suo, X},
  journal   = {Technometrics},
  publisher = {Taylor \& Francis},
  volume    = 58,
  number    = 4,
  pages     = {415--423},
  month     = oct,
  year      = 2016
}

@article{Wang2007,
  title     = {Regression Coefficient and Autoregressive Order Shrinkage and Selection Via the Lasso},
  author    = {Wang, H and Guodong, L and Tsai, C L},
  journal   = {Journal of the Royal Statistical Society (Series B)},
  publisher = {Wiley},
  volume    = 69,
  number    = 1,
  pages     = {63--78},
  year      = 2007
}

@article{Wang2014,
  title     = {Estimation and model selection in generalized additive partial
               linear models for correlated data with diverging number of
               covariates},
  author    = {Wang, L and Xue, L and Qu, A and Liang, H},
  journal   = {Annals of Statistics},
  publisher = {Institute of Mathematical Statistics},
  volume    = 42,
  number    = 2,
  pages     = {592--624},
  month     = apr,
  year      = 2014
}

@article{Wang2015,
  title     = {Variable selection and estimation for semi-parametric
               multiple-index models},
  author    = {Wang, Tao and Xu, Peirong and Zhu, Lixing},
  journal   = {Bernoulli},
  publisher = {Bernoulli Society for Mathematical Statistics and Probability},
  volume    = 21,
  number    = 1,
  pages     = {242--275},
  month     = feb,
  year      = 2015
}

@article{Wang2015-mp,
  title   = {Estimation of a Groupwise Additive Multiple-Index Model and its Applications},
  author  = {Wang, Tao and Zhang, Jun and Liang, Hua and Zhu, Lixing},
  journal = {Statistica Sinica},
  volume  = 25,
  pages   = {551--566},
  year    = 2015
}

@article{Wood2011,
  title   = {Fast stable restricted maximum likelihood and marginal
             likelihood estimation of semiparametric generalized linear
             models},
  journal = {Journal of the Royal Statistical Society (Series B)},
  volume  = {73},
  number  = {1},
  pages   = {3-36},
  year    = {2011},
  author  = {S. N. Wood}
}

@book{Wood2017,
  title     = {Generalized Additive Models: An Introduction with {R}},
  author    = {Wood, S N},
  publisher = {Chapman \& Hall/CRC},
  edition   = {2nd},
  year      = 2017
}

@article{Yuan2006,
  title     = {Model selection and estimation in regression with grouped
               variables},
  author    = {Yuan, M and Lin, Y},
  journal   = {Journal of the Royal Statistical Society (Series B)},
  publisher = {Wiley},
  volume    = 68,
  number    = 1,
  pages     = {49--67},
  month     = feb,
  year      = 2006
}

@inproceedings{Zhang2008,
  author    = {Zhang, Xiao and Liang, Lin and Tang, Xiaoou and Shum, Heung-Yeung},
  booktitle = {2008 IEEE Conference on Computer Vision and Pattern Recognition},
  title     = {L1 regularized projection pursuit for additive model learning},
  year      = 2008,
  pages     = {1--8},
  doi       = {10.1109/CVPR.2008.4587356}
}

@article{Zhang2010,
  title   = {Nearly Unbiased Variable Selection under Minimax Concave Penalty},
  author  = {Zhang, C H},
  journal = {Annals of Statistics},
  volume  = 38,
  number  = 2,
  pages   = {894--942},
  month   = apr,
  year    = 2010
}

@article{Zou2006,
  title     = {The Adaptive Lasso and its Oracle Properties},
  author    = {Zou, H},
  journal   = {Journal of the American Statistical Association},
  publisher = {Taylor \& Francis},
  volume    = 101,
  number    = 476,
  pages     = {1418--1429},
  month     = dec,
  year      = 2006
}
