@article{Bakker2019,
  author       = {Bakker, M and Schaars, F},
  date         = {2019-11},
  journaltitle = {Groundwater},
  number       = {6},
  pages        = {826--833},
  title        = {Solving groundwater flow problems with time series analysis: you may not even need another model},
  volume       = {57},
}

@article{Bertsimas2016,
  author       = {Bertsimas, Dimitris and King, Angela and Mazumder, Rahul},
  publisher    = {Institute of Mathematical Statistics},
  date         = {2016-04},
  journaltitle = {Annals of Statistics},
  number       = {2},
  pages        = {813--852},
  title        = {Best subset selection via a modern optimization lens},
  volume       = {44},
}

@article{Boente2023,
  author       = {Boente, Graciela and Martínez, Alejandra Mercedes},
  date         = {2023-02},
  journaltitle = {Computational Statistics and Data Analysis},
  pages        = {107611},
  title        = {A robust spline approach in partially linear additive models},
  volume       = {178},
}

@article{Du2012,
  author       = {Du, Pang and Cheng, Guang and Liang, Hua},
  date         = {2012-06},
  journaltitle = {Computational Statistics and Data Analysis},
  pages        = {2006--2017},
  title        = {Semiparametric regression models with additive nonparametric components and high dimensional parametric components},
  volume       = {56},
}

@article{FH2012,
  author       = {Fan, S and Hyndman, R J},
  date         = {2012},
  journaltitle = {IEEE Transactions on Power Systems},
  number       = {1},
  pages        = {134--141},
  title        = {Short-term load forecasting based on a semi-parametric additive model},
  volume       = {27},
}

@article{Friedman1981,
  author       = {Friedman, Jerome H and Stuetzle, Werner},
  publisher    = {[American Statistical Association, Taylor \& Francis, Ltd.]},
  date         = {1981},
  journaltitle = {Journal of American Statistical Association},
  number       = {376},
  pages        = {817--823},
  title        = {Projection Pursuit Regression},
  volume       = {76},
}

@article{Hardle1993,
  author       = {Härdle, Wolfgang and Hall, Peter and Ichimura, Hidehiko},
  publisher    = {Institute of Mathematical Statistics},
  date         = {1993-03},
  journaltitle = {Annals of Statistics},
  number       = {1},
  pages        = {157--178},
  title        = {Optimal Smoothing in {Single-Index} Models},
  volume       = {21},
}

@article{Hazimeh2020,
  author       = {Hazimeh, H and Mazumder, R},
  date         = {2020},
  journaltitle = {Operations Research},
  number       = {5},
  pages        = {1517--1537},
  title        = {Fast Best Subset Selection: Coordinate Descent and Local Combinatorial Optimization Algorithms},
  volume       = {68},
}

@article{Hazimeh2023,
  author       = {Hazimeh, Hussein and Mazumder, Rahul and Radchenko, Peter},
  publisher    = {Institute of Mathematical Statistics},
  date         = {2023-02},
  journaltitle = {Annals of Statistics},
  number       = {1},
  pages        = {1--32},
  title        = {Grouped variable selection with discrete optimization: Computational and statistical perspectives},
  volume       = {51},
}

@article{HF2010,
  author       = {Hyndman, R J and Fan, S},
  date         = {2010-05},
  journaltitle = {IEEE Transactions on Power Systems},
  number       = {2},
  pages        = {1142--1153},
  title        = {Density forecasting for long-term peak electricity demand},
  volume       = {25},
}

@article{Ho2020,
  author       = {Ho, Chi-Chang and Chen, Ling-Jyh and Hwang, Jing-Shiang},
  date         = {2020-09},
  journaltitle = {Environmental Pollution},
  pages        = {114810},
  title        = {Estimating ground-level {PM2.5} levels in Taiwan using data from air quality monitoring stations and high coverage of microsensors},
  volume       = {264},
}

@article{Masselot2022,
  author       = {Masselot, Pierre and Chebana, Fateh and Campagna, Céline and Lavigne, Éric and Ouarda, Taha B M J and Gosselin, Pierre},
  date         = {2023},
  doi          = {10.1093/biostatistics/kxac023},
  journaltitle = {Biostatistics},
  number       = {4},
  pages        = {1066--1084},
  title        = {Constrained groupwise additive index models},
  volume       = {24},
}

@article{Mazumder2023,
  author       = {Mazumder, Rahul and Radchenko, Peter and Dedieu, Antoine},
  publisher    = {INFORMS},
  date         = {2023},
  journaltitle = {Operations Research},
  number       = {1},
  pages        = {129--147},
  title        = {Subset selection with shrinkage: Sparse linear modeling when the SNR is low},
  volume       = {71},
}

@article{Peterson2014,
  author       = {Peterson, T J and Western, A W},
  date         = {2014-10},
  journaltitle = {Water Resources Research},
  number       = {10},
  pages        = {8330--8355},
  title        = {Nonlinear time-series modeling of unconfined groundwater head},
  volume       = {50},
}

@article{Radchenko2015,
  author       = {Radchenko, Peter},
  date         = {2015-07},
  journaltitle = {Journal of Multivariate Analysis},
  pages        = {266--282},
  title        = {High dimensional single index models},
  volume       = {139},
}

@article{Rajaee2019,
  author       = {Rajaee, T and Ebrahimi, H and Nourani, V},
  date         = {2019-05},
  journaltitle = {Journal of Hydrology},
  pages        = {336--351},
  title        = {A review of the artificial intelligence methods in groundwater level modeling},
  volume       = {572},
}

@article{Ravindra2019,
  author       = {Ravindra, Khaiwal and Rattan, Preety and Mor, Suman and Aggarwal, Ashutosh Nath},
  date         = {2019-11},
  journaltitle = {Environment International},
  pages        = {104987},
  title        = {Generalized additive models: Building evidence of air pollution, climate change and human health},
  volume       = {132},
}

@article{Stoker1986,
  author       = {Stoker, Thomas M},
  publisher    = {[Wiley, Econometric Society]},
  date         = {1986},
  journaltitle = {Econometrica},
  number       = {6},
  pages        = {1461--1481},
  title        = {Consistent Estimation of Scaled Coefficients},
  volume       = {54},
}

@article{Stone82,
  author       = {Stone, C J},
  date         = {1982},
  journaltitle = {Annals of Statistics},
  number       = {4},
  pages        = {1040--1053},
  title        = {Optimal global rates of convergence for nonparametric regression},
  volume       = {10},
}

@article{Theusl2020,
  author       = {Theu{ß}l, Stefan and Schwendinger, Florian and Hornik, Kurt},
  date         = {2020-09},
  journaltitle = {Journal of Statistical Software},
  pages        = {1--64},
  title        = {{ROI}: An Extensible {R} Optimization Infrastructure},
  volume       = {94},
}

@article{Thornton2021,
  author       = {Thornton, Peter E and Shrestha, Rupesh and Thornton, Michele and Kao, Shih-Chieh and Wei, Yaxing and Wilson, Bruce E},
  date         = {2021-07},
  journaltitle = {Scientific Data},
  number       = {1},
  pages        = {190},
  title        = {Gridded daily weather data for North America with comprehensive uncertainty quantification},
  volume       = {8},
}

@article{Wang2015,
  author       = {Wang, Tao and Zhang, Jun and Liang, Hua and Zhu, Lixing},
  date         = {2015},
  journaltitle = {Statistica Sinica},
  pages        = {551--566},
  title        = {Estimation of a Groupwise Additive Multiple-Index Model and its Applications},
  volume       = {25},
}

@article{Wood2011,
  author       = {Wood, S. N.},
  date         = {2011},
  journaltitle = {Journal of the Royal Statistical Society (Series B)},
  number       = {1},
  pages        = {3--36},
  title        = {Fast stable restricted maximum likelihood and marginal likelihood estimation of semiparametric generalized linear models},
  volume       = {73},
}

@book{Bellman57,
  author    = {Bellman, Richard},
  location  = {Princeton, New Jersey},
  publisher = {Princeton University Press},
  date      = {1957},
  title     = {Dynamic Programming},
}

@book{Wood2017,
  author    = {Wood, S N},
  publisher = {Chapman \& Hall/CRC},
  date      = {2017},
  edition   = {2nd},
  title     = {Generalized Additive Models: An Introduction with {R}},
}

@manual{Hastie2023,
  author = {Hastie, Trevor},
  url    = {https://CRAN.R-project.org/package=gam},
  date   = {2023},
  note   = {R package version 1.22-2},
  title  = {gam: Generalized Additive Models},
}

@manual{Hornik2023,
  author = {Hornik, Kurt and Meyer, David and Schwendinger, Florian and Theussl, Stefan},
  url    = {https://CRAN.R-project.org/package=ROI},
  date   = {2023},
  note   = {R package version 1.0-1},
  title  = {ROI: R Optimization Infrastructure},
}

@manual{mgcv,
  author = {Wood, Simon N},
  url    = {https://CRAN.R-project.org/package=mgcv},
  date   = {2023},
  note   = {R package version 1.9-1},
  title  = {mgcv: Mixed GAM Computation Vehicle with Automatic Smoothness Estimation},
}

@manual{Rcore,
  author       = {{R Core Team}},
  location     = {Vienna, Austria},
  organization = {R Foundation for Statistical Computing},
  url          = {https://www.R-project.org/},
  date         = {2024},
  title        = {R: A Language and Environment for Statistical Computing},
}

@manual{Schwendinger2023,
  author = {Schwendinger, Florian},
  url    = {http://r-forge.r-project.org/projects/roi},
  date   = {2023},
  note   = {R package version 0.4-0},
  title  = {ROI.plugin.gurobi: 'Gurobi' Plug-in for the 'R' Optimization Infrastructure},
}

@misc{gurobi2023,
  author = {{Gurobi Optimization, LLC}},
  url    = {https://www.gurobi.com},
  date   = {2023},
  title  = {{Gurobi Optimizer Reference Manual}},
}

@misc{Peng2022,
  author = {Peng, Roger D},
  url    = {https://bookdown.org/rdpeng/advstatcomp/},
  date   = {2022-05},
  note   = {Accessed: 2023-5-19},
  title  = {Advanced Statistical Computing},
}

@misc{Umass2023,
  author = {{University of Massachusetts}},
  url    = {https://traces.cs.umass.edu/},
  date   = {2023},
  note   = {Accessed on 19 March 2024},
  title  = {{The UMass Trace Repository}},
}

@unpublished{Ibrahim2023,
  author = {Ibrahim, Shibal and Radchenko, Peter and Ben-David, Emanuel and Mazumder, Rahul},
  url    = {https://arxiv.org/abs/2108.11328},
  date   = {2023},
  title  = {Predicting Census Survey Response Rates With Parsimonious Additive Models and Structured Interactions},
}

